@misc{bncc,
title ="Base Nacional Comum Curricular",
author = "Brasil, Ministério da Educação",
howpublished = "Disponível em: \url{http://basenacionalcomum.mec.gov.br/}. Acesso em: 20 de julho de 2023",
year = "2018"
}

@book{lamport,
  added-at = {2007-03-26T11:11:38.000+0200},
  author = {Lamport, Leslie},
  publisher = {Addison-Wesley},
  title = {\LaTeX: A Document Preparation System},
  year = 1986
}

@book{knuth,
  title={The \TeX book},
  author={Knuth, D.E.},
  series={Computers \& typesetting},
  year={1986},
  publisher={Addison-Wesley}
}
